@article{As85,
        Author = {Asimov, D.},
        Journal = {SIAM Journal of Scientific and Statistical Computing},
        Number = {1},
        Pages = {128--143},
        Title = {{T}he {G}rand {T}our: {A} {T}ool for {V}iewing {M}ultidimensional {D}ata},
        Volume = {6},
        Year = 1985,
        doi = {https://doi.org/10.1137/0906011}
}

@incollection{BCAH05,
title = "14 - Computational Methods for High-Dimensional Rotations in Data Visualization",
editor = "C.R. Rao and E.J. Wegman and J.L. Solka",
series = "Handbook of Statistics",
publisher = "Elsevier",
volume = "24",
pages = "391 - 413",
year = "2005",
booktitle = "Data Mining and Data Visualization",
issn = "0169-7161",
doi = "https://doi.org/10.1016/S0169-7161(04)24014-7",
url = "http://www.sciencedirect.com/science/article/pii/S0169716104240147",
author = "Andreas Buja and Dianne Cook and Daniel Asimov and Catherine Hurley"
}

@article{diaconis1984,
author = "Diaconis, Persi and Freedman, David",
doi = "10.1214/aos/1176346703",
fjournal = "Annals of Statistics",
journal = "Ann. Statist.",
month = "09",
number = "3",
pages = "793--815",
publisher = "The Institute of Mathematical Statistics",
title = "Asymptotics of Graphical Projection Pursuit",
url = "https://doi.org/10.1214/aos/1176346703",
volume = "12",
year = "1984"
}

@article{tsne,
  year=2008,
  author={{van der Maaten}, L. and Hinton, G.},
  title={Visualizing Data using t-SNE},
  journal={Journal of Machine Learning Research},
  volume=9, issue={Nov},
  pages={2579--2605}
}